<?xml version="1.0" encoding="UTF-8"?><collection xmlns="http://www.loc.gov/MARC21/slim"><record><leader>00585nam--2200193-i-4500</leader><controlfield tag="001">000019927</controlfield><controlfield tag="002">20161230</controlfield><controlfield tag="005">20161230201033</controlfield><controlfield tag="008">060222s1000------------r-----000-0-eng-d</controlfield><datafield ind1=" " ind2=" " tag="020"><subfield code="a">0070477108</subfield></datafield><datafield ind1=" " ind2=" " tag="040"><subfield code="a">IFIN-HH</subfield></datafield><datafield ind1=" " ind2=" " tag="080"><subfield code="a">535(035.5)</subfield></datafield><datafield ind1="1" ind2=" " tag="100"><subfield code="a">Driscoll, Walter G</subfield></datafield><datafield ind1="1" ind2="0" tag="245"><subfield code="a">Handbook of optics</subfield><subfield code="b">Sponsored by the optical society of america</subfield><subfield code="c">WALTER G. DRISCOLL (Ed.); WILLIAM VAUGHAN (ASSOCIATE EDITOR)</subfield></datafield><datafield ind1=" " ind2=" " tag="260"><subfield code="a">New York</subfield><subfield code="b">Mcgraw-hill Book Company</subfield><subfield code="c">1978</subfield></datafield><datafield ind1=" " ind2=" " tag="300"><subfield code="a">XI + /DIF</subfield></datafield><datafield ind1="1" ind2=" " tag="700"><subfield code="a">Vaughan, William</subfield></datafield><datafield ind1=" " ind2=" " tag="852"><subfield code="a">48757</subfield><subfield code="c">535</subfield></datafield><datafield ind1=" " ind2=" " tag="CAT"><subfield code="a">Sys</subfield><subfield code="c">20101123</subfield><subfield code="h">154913</subfield></datafield></record></collection>